<record><leader>00000cas a2200000 a 4500</leader><controlfield tag="001">12717731</controlfield><controlfield tag="008">851025d19021946ksuwr ne      0    0eng d</controlfield><datafield ind1=" " ind2=" " tag="010"><subfield code="a">sn 85032297 </subfield></datafield><datafield ind1=" " ind2=" " tag="040"><subfield code="a">KSH</subfield><subfield code="b">eng</subfield><subfield code="c">KSH</subfield><subfield code="d">NPT</subfield><subfield code="d">OCL</subfield><subfield code="d">OCLCQ</subfield></datafield><datafield ind1=" " ind2=" " tag="042"><subfield code="a">msc</subfield></datafield><datafield ind1="0" ind2=" " tag="130"><subfield code="a">Smith County pioneer (Smith Center, Kan. : 1902)</subfield></datafield><datafield ind1="1" ind2="0" tag="245"><subfield code="a">Smith County pioneer.</subfield></datafield><datafield ind1=" " ind2=" " tag="260"><subfield code="a">Smith Center, Kan. :</subfield><subfield code="b">Nelson &amp; Hutchings,</subfield><subfield code="c">1902-1946.</subfield></datafield><datafield ind1=" " ind2=" " tag="300"><subfield code="a">43 v. :</subfield><subfield code="b">ill. ;</subfield><subfield code="c">53 cm.</subfield></datafield><datafield ind1=" " ind2=" " tag="310"><subfield code="a">Weekly</subfield></datafield><datafield ind1="0" ind2=" " tag="362"><subfield code="a">Vol. 33, no. 37 (July 10, 1902)-74th year, no. 21 (Jan. 10, 1946).</subfield></datafield><datafield ind1=" " ind2=" " tag="500"><subfield code="a">Publisher varies.</subfield></datafield><datafield ind1=" " ind2=" " tag="525"><subfield code="a">Includes supplements.</subfield></datafield><datafield ind1=" " ind2=" " tag="752"><subfield code="a">United States</subfield><subfield code="b">Kansas</subfield><subfield code="c">Smith</subfield><subfield code="d">Smith Center.</subfield></datafield><datafield ind1="0" ind2="0" tag="780"><subfield code="t">Smith County pioneer and Gaylord herald</subfield><subfield code="w">(DLC)sn 85029768</subfield></datafield><datafield ind1="0" ind2="5" tag="780"><subfield code="t">Bellaire news</subfield><subfield code="g">June 20, 1901</subfield><subfield code="w">(DLC)sn 85029839</subfield></datafield><datafield ind1="0" ind2="5" tag="780"><subfield code="t">Smith County messenger</subfield><subfield code="g">Dec. 1, 1910</subfield><subfield code="w">(DLC)sn 85029753</subfield></datafield><datafield ind1="0" ind2="5" tag="780"><subfield code="t">Gaylord sentinel</subfield><subfield code="g">Feb. 12, 1925</subfield><subfield code="w">(DLC)sn 85029884</subfield></datafield><datafield ind1="0" ind2="5" tag="780"><subfield code="t">Smith County journal</subfield><subfield code="g">May 6, 1926</subfield><subfield code="w">(DLC)sn 85029766</subfield></datafield><datafield ind1="0" ind2="7" tag="785"><subfield code="t">Smith County review</subfield><subfield code="w">(DLC)sn 85029771</subfield></datafield><datafield ind1="0" ind2="7" tag="785"><subfield code="t">Smith County pioneer and the Smith County review</subfield><subfield code="w">(DLC)sn 85032298</subfield></datafield><datafield ind1="1" ind2=" " tag="029"><subfield code="a">AU@</subfield><subfield code="b">000022165274</subfield></datafield></record>